<collection xmlns="http://www.loc.gov/MARC21/slim">
<record>
  <leader>00973nam0a22001811i 450 </leader>
  <controlfield tag="001">IT\ICCU\CNCE\062898</controlfield>
  <controlfield tag="005">20060130000000.0</controlfield>
  <datafield tag="012" ind1=" " ind2=" ">
    <subfield code="a">o.s- noo. i.i, SiCh (C) 1589 (A)</subfield>
    <subfield code="2">fei</subfield>
  </datafield>
  <datafield tag="100" ind1=" " ind2=" ">
    <subfield code="a">20051212d1589        0itac0103    ba</subfield>
  </datafield>
  <datafield tag="101" ind1=" " ind2=" ">
    <subfield code="a">ITA</subfield>
  </datafield>
  <datafield tag="102" ind1=" " ind2=" ">
    <subfield code="a">IT</subfield>
  </datafield>
  <datafield tag="200" ind1="1" ind2=" ">
    <subfield code="a">Descrittione del sacro monte di Varale di val di Sesia. Sopra il quale si vede, come in vna noua Gerusalem, il sepolchro del n.s. Giesu Christo, &amp; molti altri luoghi pij, ad imitatione di Terra Santa, con infinite figure, statue, &amp; pitture bellissime. Con li misterij fatti da poco tempo in qua, &amp; vn&apos;ordine e somma, che contiene insieme quello ancora che si gli ha da fare</subfield>
  </datafield>
  <datafield tag="210" ind1=" " ind2=" ">
    <subfield code="a">In Nouara</subfield>
    <subfield code="d">&amp; di nouo in Teramo d&apos;Abruzzo</subfield>
    <subfield code="c">appresso Isidoro</subfield>
    <subfield code="d">&amp; Lepido Facij</subfield>
    <subfield code="d">fratelli</subfield>
    <subfield code="d">1589</subfield>
  </datafield>
  <datafield tag="215" ind1=" " ind2=" ">
    <subfield code="a">\24! c.</subfield>
    <subfield code="c">ill.</subfield>
    <subfield code="d">8ʻ</subfield>
  </datafield>
  <datafield tag="620" ind1=" " ind2=" ">
    <subfield code="a">IT</subfield>
    <subfield code="d">Teramo</subfield>
  </datafield>
  <datafield tag="712" ind1="0" ind2="0">
    <subfield code="a">Faci, Isidoro &amp; Faci, Lepido</subfield>
    <subfield code="3">IT\ICCU\CNCT\000478</subfield>
    <subfield code="4">650</subfield>
  </datafield>
  <datafield tag="801" ind1=" " ind2="3">
    <subfield code="a">IT</subfield>
    <subfield code="b">ICCU</subfield>
    <subfield code="c">20201115</subfield>
  </datafield>
  <datafield tag="899" ind1=" " ind2=" ">
    <subfield code="a">Biblioteca universitaria Alessandrina. Roma</subfield>
    <subfield code="1">RM0280</subfield>
    <subfield code="2">RML 01</subfield>
  </datafield>
</record>
</collection>
